<collection>
<record>
<leader>19643cpcaa22039857i 4500</leader>
<controlfield tag="001">17154394</controlfield>
<controlfield tag="005">20220907135742.0</controlfield>
<controlfield tag="008">120208i20102016dcu eng </controlfield>
<datafield ind1=" " ind2=" " tag="906">
<subfield code="a">7</subfield>
<subfield code="b">cbc</subfield>
<subfield code="c">orignew</subfield>
<subfield code="d">u</subfield>
<subfield code="e">ncip</subfield>
<subfield code="f">20</subfield>
<subfield code="g">y-folklife</subfield>
</datafield>
<datafield ind1=" " ind2=" " tag="955">
<subfield code="a">
mkru 2012-02-08; cker 2012-05-07; cker 2012-05-10; cker 2012-10-22
</subfield>
<subfield code="a">mkru 2012-10-22</subfield>
<subfield code="a">kste 2013-03-25</subfield>
<subfield code="a">mkru 2013-05-07</subfield>
<subfield code="a">
mkru 2013-12-17; cker 2014-04-18; cker 2014-04-23; cker 2014-05-13; kste 2014-06-02
</subfield>
<subfield code="a">mkru 2015-09-04</subfield>
<subfield code="a">mkru 2017-06-13</subfield>
<subfield code="a">mseg 2017-07-23</subfield>
<subfield code="a">mkru 2017-08-17</subfield>
<subfield code="a">masmit 2019-12-02</subfield>
<subfield code="a">masmit 2020-02-20</subfield>
<subfield code="a">masmit 2021-06-08</subfield>
<subfield code="a">masmit 2022-09-07</subfield>
</datafield>
<datafield ind1=" " ind2=" " tag="010">
<subfield code="a"> 2012655221</subfield>
</datafield>
<datafield ind1=" " ind2=" " tag="040">
<subfield code="a">DLC</subfield>
<subfield code="b">eng</subfield>
<subfield code="e">dacs</subfield>
<subfield code="c">DLC</subfield>
<subfield code="d">DLC</subfield>
</datafield>
<datafield ind1=" " ind2=" " tag="043">
<subfield code="a">n-us---</subfield>
</datafield>
<datafield ind1=" " ind2=" " tag="090">
<subfield code="a">VAS 3429-3443</subfield>
</datafield>
<datafield ind1=" " ind2=" " tag="090">
<subfield code="a">AFC 2010/039</subfield>
</datafield>
<datafield ind1="0" ind2="0" tag="245">
<subfield code="a">Civil Rights History Project collection,</subfield>
<subfield code="f">2010-2016.</subfield>
</datafield>
<datafield ind1=" " ind2="0" tag="264">
<subfield code="c">2010-2016.</subfield>
</datafield>
<datafield ind1=" " ind2=" " tag="300">
<subfield code="3">whole collection</subfield>
<subfield code="a">1,202 items</subfield>
</datafield>
<datafield ind1=" " ind2=" " tag="300">
<subfield code="3">oral histories (139 interviews)</subfield>
<subfield code="a">1,024 video files (HD, Apple ProRes 4:2:2 HQ) :</subfield>
<subfield code="b">color, sound</subfield>
</datafield>
<datafield ind1=" " ind2=" " tag="300">
<subfield code="3">oral histories (6 interviews)</subfield>
<subfield code="a">15 videocassettes (DVCam) :</subfield>
<subfield code="b">color, sound ;</subfield>
<subfield code="c">1/4 in.</subfield>
</datafield>
<datafield ind1=" " ind2=" " tag="300">
<subfield code="3">manuscripts</subfield>
<subfield code="a">147 transcripts :</subfield>
<subfield code="b">digital, pdf</subfield>
</datafield>
<datafield ind1=" " ind2=" " tag="300">
<subfield code="3">graphic materials</subfield>
<subfield code="a">16 photographs :</subfield>
<subfield code="b">color, digital, jpg</subfield>
</datafield>
<datafield ind1=" " ind2=" " tag="336">
<subfield code="a">two-dimensional moving image</subfield>
<subfield code="b">tdi</subfield>
<subfield code="2">rdacontent</subfield>
<subfield code="3">video files</subfield>
</datafield>
<datafield ind1=" " ind2=" " tag="336">
<subfield code="a">text</subfield>
<subfield code="b">txt</subfield>
<subfield code="2">rdacontent</subfield>
<subfield code="3">transcripts</subfield>
</datafield>
<datafield ind1=" " ind2=" " tag="337">
<subfield code="a">computer</subfield>
<subfield code="b">c</subfield>
<subfield code="2">rdamedia</subfield>
</datafield>
<datafield ind1=" " ind2=" " tag="337">
<subfield code="a">video</subfield>
<subfield code="b">v</subfield>
<subfield code="2">rdamedia</subfield>
</datafield>
<datafield ind1=" " ind2=" " tag="338">
<subfield code="a">online resource</subfield>
<subfield code="b">cr</subfield>
<subfield code="2">rdacarrier</subfield>
</datafield>
<datafield ind1="1" ind2=" " tag="545">
<subfield code="a">
On May 12, 2009, the U. S. Congress authorized a national initiative by passing The Civil Rights History Project Act of 2009 (Public Law 111-19). The law directs the Library of Congress (LOC) and the Smithsonian Institution's National Museum of African American History and Culture (NMAAHC) to conduct a survey of existing oral history collections with relevance to the Civil Rights movement, and to record new interviews with people who participated in the movement.
</subfield>
</datafield>
<datafield ind1=" " ind2=" " tag="520">
<subfield code="a">
One hundred and forty-five (145) filmed oral history interviews with 175 participants in the civil rights movement in the United States and related documentation, created by the National Museum of African American History and Culture in partnership with the American Folklife Center, 2010-2016. The oral histories were conducted by historians Julian Bond, Taylor Branch, David P. Cline, Emilye Crosby, John Dittmer, Will Griffin, Hasan Kwame Jeffries, Joseph Mosnier, LaFleur Paysour, Dwandalyn Reece, Patricia Sullivan, and Kieran Walsh Taylor. Most of the interviews were filmed by John Bishop.
</subfield>
</datafield>
<datafield ind1="8" ind2=" " tag="524">
<subfield code="a">
Civil Rights History Project Collection (AFC 2010/039), Archive of Folk Culture, American Folklife Center, Library of Congress, Washington, D.C.
</subfield>
</datafield>
<datafield ind1="0" ind2=" " tag="506">
<subfield code="a">
Collection is open for research. For information, please contact the Folklife Reading Room at:
</subfield>
<subfield code="u">https://hdl.loc.gov/loc.afc/folklife.contact</subfield>
</datafield>
<datafield ind1=" " ind2=" " tag="540">
<subfield code="a">
Duplication of the collection materials may be governed by copyright and other restrictions.
</subfield>
</datafield>
<datafield ind1=" " ind2=" " tag="541">
<subfield code="a">Accessioned,</subfield>
<subfield code="d">2010-2016.</subfield>
</datafield>
<datafield ind1=" " ind2=" " tag="546">
<subfield code="a">In English.</subfield>
</datafield>
<datafield ind1="0" ind2=" " tag="555">
<subfield code="a">
Finding aid is available in the Folklife Reading Room, Library of Congress and online
</subfield>
<subfield code="u">http://hdl.loc.gov/loc.afc/eadafc.af013005</subfield>
</datafield>
<datafield ind1="1" ind2="0" tag="600">
<subfield code="a">Abernathy, Ralph,</subfield>
<subfield code="d">1926-1990.</subfield>
</datafield>
<datafield ind1="1" ind2="0" tag="600">
<subfield code="a">Dahmer, Vernon Ferdinand,</subfield>
<subfield code="d">1908-1966.</subfield>
</datafield>
<datafield ind1="1" ind2="0" tag="600">
<subfield code="a">Daniels, Jonathan Myrick,</subfield>
<subfield code="d">1939-1965.</subfield>
</datafield>
<datafield ind1="1" ind2="0" tag="600">
<subfield code="a">Evers, Medgar Wiley,</subfield>
<subfield code="d">1925-1963.</subfield>
</datafield>
<datafield ind1="1" ind2="0" tag="600">
<subfield code="a">Forman, James,</subfield>
<subfield code="d">1928-2005.</subfield>
</datafield>
<datafield ind1="1" ind2="0" tag="600">
<subfield code="a">Grinage, Ben.</subfield>
</datafield>
<datafield ind1="1" ind2="0" tag="600">
<subfield code="a">Hamer, Fannie Lou.</subfield>
</datafield>
<datafield ind1="1" ind2="0" tag="600">
<subfield code="a">Hansen, Bill,</subfield>
<subfield code="d">1939-</subfield>
</datafield>
<datafield ind1="1" ind2="0" tag="600">
<subfield code="a">Hicks, Robert,</subfield>
<subfield code="d">1929-2010.</subfield>
</datafield>
<datafield ind1="1" ind2="0" tag="600">
<subfield code="a">Hicks, Valeria Payton.</subfield>
</datafield>
<datafield ind1="1" ind2="0" tag="600">
<subfield code="a">Hildreth, Marilyn Luper,</subfield>
<subfield code="d">1947-</subfield>
</datafield>
<datafield ind1="1" ind2="0" tag="600">
<subfield code="a">Jenkins, Esau,</subfield>
<subfield code="d">1910-1972.</subfield>
</datafield>
<datafield ind1="1" ind2="0" tag="600">
<subfield code="a">Jenkins, Gayle,</subfield>
<subfield code="d">-2002.</subfield>
</datafield>
<datafield ind1="1" ind2="0" tag="600">
<subfield code="a">Jenkins, Willie Elliot,</subfield>
<subfield code="d">1952-</subfield>
</datafield>
<datafield ind1="1" ind2="0" tag="600">
<subfield code="a">Kennard, Clyde,</subfield>
<subfield code="d">1927-1963.</subfield>
</datafield>
<datafield ind1="1" ind2="0" tag="600">
<subfield code="a">King, Martin Luther,</subfield>
<subfield code="c">Jr.,</subfield>
<subfield code="d">1929-1968.</subfield>
</datafield>
<datafield ind1="1" ind2="0" tag="600">
<subfield code="a">Luper, Clara,</subfield>
<subfield code="d">1923-2011.</subfield>
</datafield>
<datafield ind1="1" ind2="0" tag="600">
<subfield code="a">Moore, William Lewis,</subfield>
<subfield code="d">1927-1963.</subfield>
</datafield>
<datafield ind1="1" ind2="0" tag="600">
<subfield code="a">Parker, Wheeler,</subfield>
<subfield code="d">1939-</subfield>
</datafield>
<datafield ind1="1" ind2="0" tag="600">
<subfield code="a">Till, Emmett,</subfield>
<subfield code="d">1941-1955.</subfield>
</datafield>
<datafield ind1="1" ind2="0" tag="600">
<subfield code="a">Till-Mobley, Mamie,</subfield>
<subfield code="d">1921-2003.</subfield>
</datafield>
<datafield ind1="1" ind2="0" tag="600">
<subfield code="a">Wright, Simeon,</subfield>
<subfield code="d">1942-2017.</subfield>
</datafield>
<datafield ind1="2" ind2="0" tag="610">
<subfield code="a">Albany Movement (Albany, Ga.)</subfield>
</datafield>
<datafield ind1="2" ind2="0" tag="610">
<subfield code="a">Black Panther Party.</subfield>
</datafield>
<datafield ind1="2" ind2="0" tag="610">
<subfield code="a">Black People's Unity Movement (Philadelphia, Pa.)</subfield>
</datafield>
<datafield ind1="2" ind2="0" tag="610">
<subfield code="a">Bogalusa Voters League.</subfield>
</datafield>
<datafield ind1="2" ind2="0" tag="610">
<subfield code="a">
Cambridge Nonviolent Action Committee (Cambridge, Md.)
</subfield>
</datafield>
<datafield ind1="2" ind2="0" tag="610">
<subfield code="a">Citizenship Education Program.</subfield>
</datafield>
<datafield ind1="2" ind2="0" tag="610">
<subfield code="a">Congress of Racial Equality.</subfield>
</datafield>
<datafield ind1="2" ind2="0" tag="610">
<subfield code="a">Council of Federated Organizations (U.S.)</subfield>
</datafield>
<datafield ind1="2" ind2="0" tag="610">
<subfield code="a">Crown Zellerbach Corporation.</subfield>
</datafield>
<datafield ind1="2" ind2="0" tag="610">
<subfield code="a">Deacons for Defense and Justice.</subfield>
</datafield>
<datafield ind1="2" ind2="0" tag="610">
<subfield code="a">Dexter Avenue Baptist Church (Montgomery, Ala.)</subfield>
</datafield>
<datafield ind1="2" ind2="0" tag="610">
<subfield code="a">Federation of Southern Cooperatives.</subfield>
</datafield>
<datafield ind1="2" ind2="0" tag="610">
<subfield code="a">Free Southern Theater.</subfield>
</datafield>
<datafield ind1="2" ind2="0" tag="610">
<subfield code="a">Freedom Singers (SNCC)</subfield>
</datafield>
<datafield ind1="2" ind2="0" tag="610">
<subfield code="a">Harambee Singers.</subfield>
</datafield>
<datafield ind1="2" ind2="0" tag="610">
<subfield code="a">Highlander Folk School (Monteagle, Tenn.)</subfield>
</datafield>
<datafield ind1="2" ind2="0" tag="610">
<subfield code="a">Koinonia Farm.</subfield>
</datafield>
<datafield ind1="2" ind2="0" tag="610">
<subfield code="a">Law Students Civil Rights Research Council (U.S.)</subfield>
</datafield>
<datafield ind1="2" ind2="0" tag="610">
<subfield code="a">Lawyers Constitutional Defense Committee (U.S.)</subfield>
</datafield>
<datafield ind1="2" ind2="0" tag="610">
<subfield code="a">Medical Committee for Human Rights (U.S.)</subfield>
</datafield>
<datafield ind1="2" ind2="0" tag="610">
<subfield code="a">Mississippi Freedom Democratic Party.</subfield>
</datafield>
<datafield ind1="2" ind2="0" tag="610">
<subfield code="a">Mississippi Freedom Labor Union.</subfield>
</datafield>
<datafield ind1="2" ind2="0" tag="610">
<subfield code="a">Mississippi Freedom Project.</subfield>
</datafield>
<datafield ind1="2" ind2="0" tag="610">
<subfield code="a">Mississippi Freedom Schools.</subfield>
</datafield>
<datafield ind1="2" ind2="0" tag="610">
<subfield code="a">Montgomery Gospel Trio.</subfield>
</datafield>
<datafield ind1="2" ind2="0" tag="610">
<subfield code="a">N.S.M Freedom Library.</subfield>
</datafield>
<datafield ind1="2" ind2="0" tag="610">
<subfield code="a">NAACP Legal Defense and Educational Fund.</subfield>
</datafield>
<datafield ind1="2" ind2="0" tag="610">
<subfield code="a">
National Association for the Advancement of Colored People.
</subfield>
</datafield>
<datafield ind1="2" ind2="0" tag="610">
<subfield code="a">
National Association for the Advancement of Colored People.
</subfield>
<subfield code="b">Youth Council.</subfield>
</datafield>
<datafield ind1="2" ind2="0" tag="610">
<subfield code="a">National Brown Beret Organization.</subfield>
</datafield>
<datafield ind1="2" ind2="0" tag="610">
<subfield code="a">Newark Community Union Project (N.J.)</subfield>
</datafield>
<datafield ind1="2" ind2="0" tag="610">
<subfield code="a">Nonviolent Action Group (Washington, D.C.)</subfield>
</datafield>
<datafield ind1="2" ind2="0" tag="610">
<subfield code="a">Northern Student Movement.</subfield>
</datafield>
<datafield ind1="2" ind2="0" tag="610">
<subfield code="a">Southern Christian Leadership Conference.</subfield>
</datafield>
<datafield ind1="2" ind2="0" tag="610">
<subfield code="a">Southwest Georgia Project.</subfield>
</datafield>
<datafield ind1="2" ind2="0" tag="610">
<subfield code="a">Student Nonviolent Coordinating Committee (U.S.)</subfield>
</datafield>
<datafield ind1="2" ind2="0" tag="610">
<subfield code="a">Students for a Democratic Society (U.S.)</subfield>
</datafield>
<datafield ind1="2" ind2="0" tag="610">
<subfield code="a">
Summer Community Organization and Political Education (Organization)
</subfield>
</datafield>
<datafield ind1="1" ind2="0" tag="610">
<subfield code="a">United States.</subfield>
<subfield code="b">Department of Justice.</subfield>
<subfield code="b">Civil Rights Division</subfield>
<subfield code="x">History.</subfield>
</datafield>
<datafield ind1="2" ind2="0" tag="610">
<subfield code="a">United States National Student Association.</subfield>
</datafield>
<datafield ind1="2" ind2="0" tag="611">
<subfield code="a">Democratic National Convention</subfield>
<subfield code="d">(1964 :</subfield>
<subfield code="c">Atlantic City, N.J.)</subfield>
</datafield>
<datafield ind1="2" ind2="0" tag="611">
<subfield code="a">March on Washington for Jobs and Freedom</subfield>
<subfield code="d">(1963 :</subfield>
<subfield code="c">Washington, D.C.)</subfield>
</datafield>
<datafield ind1="2" ind2="0" tag="611">
<subfield code="a">Selma to Montgomery Rights March</subfield>
<subfield code="d">(1965 :</subfield>
<subfield code="c">Selma, Ala.)</subfield>
</datafield>
<datafield ind1=" " ind2="0" tag="650">
<subfield code="a">African American athletes</subfield>
<subfield code="v">Interviews.</subfield>
</datafield>
<datafield ind1=" " ind2="0" tag="650">
<subfield code="a">African American civil rights workers</subfield>
<subfield code="v">Interviews.</subfield>
</datafield>
<datafield ind1=" " ind2="0" tag="650">
<subfield code="a">African American clergy</subfield>
<subfield code="v">Interviews.</subfield>
</datafield>
<datafield ind1=" " ind2="0" tag="650">
<subfield code="a">African American college students</subfield>
<subfield code="v">Interviews.</subfield>
</datafield>
<datafield ind1=" " ind2="0" tag="650">
<subfield code="a">African American college teachers</subfield>
<subfield code="v">Interviews.</subfield>
</datafield>
<datafield ind1=" " ind2="0" tag="650">
<subfield code="a">African American journalists</subfield>
<subfield code="v">Interviews.</subfield>
</datafield>
<datafield ind1=" " ind2="0" tag="650">
<subfield code="a">African American judges</subfield>
<subfield code="v">Interviews.</subfield>
</datafield>
<datafield ind1=" " ind2="0" tag="650">
<subfield code="a">African American lawyers</subfield>
<subfield code="v">Interviews.</subfield>
</datafield>
<datafield ind1=" " ind2="0" tag="650">
<subfield code="a">African American veterans</subfield>
<subfield code="v">Interviews.</subfield>
</datafield>
<datafield ind1=" " ind2="0" tag="650">
<subfield code="a">African American women civil rights workers</subfield>
<subfield code="v">Interviews.</subfield>
</datafield>
<datafield ind1=" " ind2="0" tag="650">
<subfield code="a">Chicano movement.</subfield>
</datafield>
<datafield ind1=" " ind2="0" tag="650">
<subfield code="a">Civil rights demonstrations</subfield>
<subfield code="z">Florida</subfield>
<subfield code="z">Saint Augustine.</subfield>
</datafield>
<datafield ind1=" " ind2="0" tag="650">
<subfield code="a">Civil rights demonstrations</subfield>
<subfield code="z">Louisiana</subfield>
<subfield code="z">Bogalusa.</subfield>
</datafield>
<datafield ind1=" " ind2="0" tag="650">
<subfield code="a">Civil rights demonstrations</subfield>
<subfield code="z">Oklahoma</subfield>
<subfield code="z">Oklahoma City.</subfield>
</datafield>
<datafield ind1=" " ind2="0" tag="650">
<subfield code="a">Civil rights movements</subfield>
<subfield code="z">United States.</subfield>
</datafield>
<datafield ind1=" " ind2="0" tag="650">
<subfield code="a">Civil rights workers</subfield>
<subfield code="z">United States</subfield>
<subfield code="v">Interviews.</subfield>
</datafield>
<datafield ind1=" " ind2="0" tag="650">
<subfield code="a">Discrimination in employment</subfield>
<subfield code="z">United States.</subfield>
</datafield>
<datafield ind1=" " ind2="0" tag="650">
<subfield code="a">Discrimination in medical care</subfield>
<subfield code="z">United States.</subfield>
</datafield>
<datafield ind1=" " ind2="0" tag="650">
<subfield code="a">Discrimination in public accommodations</subfield>
<subfield code="z">United States.</subfield>
</datafield>
<datafield ind1=" " ind2="0" tag="650">
<subfield code="a">Folk singers</subfield>
<subfield code="v">Interviews.</subfield>
</datafield>
<datafield ind1=" " ind2="0" tag="650">
<subfield code="a">Freedom Rides, 1961.</subfield>
</datafield>
<datafield ind1=" " ind2="0" tag="650">
<subfield code="a">
Montgomery Bus Boycott, Montgomery, Ala., 1955-1956.
</subfield>
</datafield>
<datafield ind1=" " ind2="0" tag="650">
<subfield code="a">Nonviolence</subfield>
<subfield code="z">United States</subfield>
<subfield code="x">History</subfield>
<subfield code="y">20th century.</subfield>
</datafield>
<datafield ind1=" " ind2="0" tag="650">
<subfield code="a">Poor People's Campaign.</subfield>
</datafield>
<datafield ind1=" " ind2="0" tag="650">
<subfield code="a">School integration</subfield>
<subfield code="z">United States.</subfield>
</datafield>
<datafield ind1=" " ind2="0" tag="650">
<subfield code="a">Voter registration</subfield>
<subfield code="z">Southern States.</subfield>
</datafield>
<datafield ind1=" " ind2="0" tag="650">
<subfield code="a">Women civil rights workers</subfield>
<subfield code="z">United States</subfield>
<subfield code="v">Interviews.</subfield>
</datafield>
<datafield ind1=" " ind2="0" tag="651">
<subfield code="a">United States</subfield>
<subfield code="x">Race relations.</subfield>
</datafield>
<datafield ind1=" " ind2="7" tag="655">
<subfield code="a">Oral histories.</subfield>
<subfield code="2">lcgft</subfield>
</datafield>
<datafield ind1=" " ind2="7" tag="655">
<subfield code="a">Video recordings.</subfield>
<subfield code="2">lcgft</subfield>
</datafield>
<datafield ind1=" " ind2="7" tag="655">
<subfield code="a">Personal narratives.</subfield>
<subfield code="2">lcgft</subfield>
</datafield>
<datafield ind1=" " ind2="7" tag="655">
<subfield code="a">Digital photographs.</subfield>
<subfield code="2">gmgpc</subfield>
</datafield>
<datafield ind1=" " ind2="7" tag="655">
<subfield code="a">Interviews.</subfield>
<subfield code="2">aat</subfield>
</datafield>
<datafield ind1=" " ind2="7" tag="655">
<subfield code="a">Manuscripts.</subfield>
<subfield code="2">aat</subfield>
</datafield>
<datafield ind1=" " ind2="7" tag="655">
<subfield code="a">Transcripts.</subfield>
<subfield code="2">aat</subfield>
</datafield>
<datafield ind1="1" ind2=" " tag="700">
<subfield code="a">Abernathy, Donzaleigh,</subfield>
<subfield code="e">interviewee.</subfield>
</datafield>
<datafield ind1="1" ind2=" " tag="700">
<subfield code="a">Abernathy, Juandalynn R.,</subfield>
<subfield code="e">interviewee.</subfield>
</datafield>
<datafield ind1="1" ind2=" " tag="700">
<subfield code="a">Abernathy, Ralph David,</subfield>
<subfield code="d">1959-</subfield>
<subfield code="e">interviewee.</subfield>
</datafield>
<datafield ind1="1" ind2=" " tag="700">
<subfield code="a">Ackerman, David M.,</subfield>
<subfield code="e">interviewee.</subfield>
</datafield>
<datafield ind1="1" ind2=" " tag="700">
<subfield code="a">Ackerman, Satoko Ito,</subfield>
<subfield code="d">1939-</subfield>
<subfield code="e">interviewee.</subfield>
</datafield>
<datafield ind1="1" ind2=" " tag="700">
<subfield code="a">Adams-Johnson, Frankye,</subfield>
<subfield code="e">interviewee.</subfield>
</datafield>
<datafield ind1="1" ind2=" " tag="700">
<subfield code="a">Alexander, Roberta,</subfield>
<subfield code="e">interviewee.</subfield>
</datafield>
<datafield ind1="1" ind2=" " tag="700">
<subfield code="a">Anderson, Cynthia Baker,</subfield>
<subfield code="e">interviewee.</subfield>
</datafield>
<datafield ind1="1" ind2=" " tag="700">
<subfield code="a">Anderson, Fletcher,</subfield>
<subfield code="d">1938-</subfield>
<subfield code="e">interviewee.</subfield>
</datafield>
<datafield ind1="1" ind2=" " tag="700">
<subfield code="a">Anderson, William G.,</subfield>
<subfield code="d">1927-</subfield>
<subfield code="e">interviewee.</subfield>
</datafield>
<datafield ind1="1" ind2=" " tag="700">
<subfield code="a">Arellanes, Gloria,</subfield>
<subfield code="d">1946-</subfield>
<subfield code="e">interviewee.</subfield>
</datafield>
<datafield ind1="1" ind2=" " tag="700">
<subfield code="a">Avery, Annie Pearl,</subfield>
<subfield code="d">1943-</subfield>
<subfield code="e">interviewee.</subfield>
</datafield>
<datafield ind1="1" ind2=" " tag="700">
<subfield code="a">Bailey, D'Army,</subfield>
<subfield code="d">1941-2015,</subfield>
<subfield code="e">interviewee.</subfield>
</datafield>
<datafield ind1="1" ind2=" " tag="700">
<subfield code="a">Bassett, Emmett W.,</subfield>
<subfield code="d">1921-</subfield>
<subfield code="e">interviewee.</subfield>
</datafield>
<datafield ind1="1" ind2=" " tag="700">
<subfield code="a">Bassett, Priscilla,</subfield>
<subfield code="d">1928-</subfield>
<subfield code="e">interviewee.</subfield>
</datafield>
<datafield ind1="1" ind2=" " tag="700">
<subfield code="a">Bates, Scott,</subfield>
<subfield code="d">1923-2013,</subfield>
<subfield code="e">interviewee.</subfield>
</datafield>
<datafield ind1="1" ind2=" " tag="700">
<subfield code="a">Becton, Julius W.</subfield>
<subfield code="q">(Julius Wesley),</subfield>
<subfield code="d">1926-</subfield>
<subfield code="e">interviewee.</subfield>
</datafield>
<datafield ind1="1" ind2=" " tag="700">
<subfield code="a">Bennett, Geraldine Crawford,</subfield>
<subfield code="e">interviewee.</subfield>
</datafield>
<datafield ind1="1" ind2=" " tag="700">
<subfield code="a">Blake, Harry,</subfield>
<subfield code="d">1934-</subfield>
<subfield code="e">interviewee.</subfield>
</datafield>
<datafield ind1="1" ind2=" " tag="700">
<subfield code="a">Booker, Simeon,</subfield>
<subfield code="d">1918-2017,</subfield>
<subfield code="e">interviewee.</subfield>
</datafield>
<datafield ind1="1" ind2=" " tag="700">
<subfield code="a">Branch, Raylawni G.,</subfield>
<subfield code="d">1941-</subfield>
<subfield code="e">interviewee.</subfield>
</datafield>
<datafield ind1="1" ind2=" " tag="700">
<subfield code="a">Breaux, Toni,</subfield>
<subfield code="d">1947-</subfield>
<subfield code="e">interviewee.</subfield>
</datafield>
<datafield ind1="1" ind2=" " tag="700">
<subfield code="a">Broadway, Louise W.,</subfield>
<subfield code="d">1930-</subfield>
<subfield code="e">interviewee.</subfield>
</datafield>
<datafield ind1="1" ind2=" " tag="700">
<subfield code="a">Brown, Amos C.</subfield>
<subfield code="q">(Amos Cleophilus),</subfield>
<subfield code="e">interviewee.</subfield>
</datafield>
<datafield ind1="1" ind2=" " tag="700">
<subfield code="a">Brown, Harold K.,</subfield>
<subfield code="d">1934-</subfield>
<subfield code="e">interviewee.</subfield>
</datafield>
<datafield ind1="1" ind2=" " tag="700">
<subfield code="a">Brown, Robert J.,</subfield>
<subfield code="d">1935-</subfield>
<subfield code="e">interviewee.</subfield>
</datafield>
<datafield ind1="1" ind2=" " tag="700">
<subfield code="a">Browner, Clifford,</subfield>
<subfield code="e">interviewee.</subfield>
</datafield>
<datafield ind1="1" ind2=" " tag="700">
<subfield code="a">Bruce, Walter,</subfield>
<subfield code="d">1928-2014,</subfield>
<subfield code="e">interviewee.</subfield>
</datafield>
<datafield ind1="1" ind2=" " tag="700">
<subfield code="a">Burns, Julia Matilda,</subfield>
<subfield code="d">1938-</subfield>
<subfield code="e">interviewee.</subfield>
</datafield>
<datafield ind1="1" ind2=" " tag="700">
<subfield code="a">Burras, Carol Cummings,</subfield>
<subfield code="d">1945-</subfield>
<subfield code="e">interviewee.</subfield>
</datafield>
<datafield ind1="1" ind2=" " tag="700">
<subfield code="a">Caldwell, Ben R.,</subfield>
<subfield code="e">interviewee.</subfield>
</datafield>
<datafield ind1="1" ind2=" " tag="700">
<subfield code="a">Camarillo, Mateo,</subfield>
<subfield code="d">1941-</subfield>
<subfield code="e">interviewee.</subfield>
</datafield>
<datafield ind1="1" ind2=" " tag="700">
<subfield code="a">Carawan, Candie,</subfield>
<subfield code="e">interviewee.</subfield>
</datafield>
<datafield ind1="1" ind2=" " tag="700">
<subfield code="a">Carawan, Guy,</subfield>
<subfield code="e">interviewee.</subfield>
</datafield>
<datafield ind1="1" ind2=" " tag="700">
<subfield code="a">Carlos, John,</subfield>
<subfield code="d">1945-</subfield>
<subfield code="e">interviewee.</subfield>
</datafield>
<datafield ind1="1" ind2=" " tag="700">
<subfield code="a">Carter, Robert L.,</subfield>
<subfield code="d">1917-2012,</subfield>
<subfield code="e">interviewee.</subfield>
</datafield>
<datafield ind1="1" ind2=" " tag="700">
<subfield code="a">Churchville, John Elliott,</subfield>
<subfield code="e">interviewee.</subfield>
</datafield>
<datafield ind1="1" ind2=" " tag="700">
<subfield code="a">Clark, Robert George,</subfield>
<subfield code="d">1929-</subfield>
<subfield code="e">interviewee.</subfield>
</datafield>
<datafield ind1="1" ind2=" " tag="700">
<subfield code="a">Cleaver, Kathleen,</subfield>
<subfield code="e">interviewee.</subfield>
</datafield>
<datafield ind1="1" ind2=" " tag="700">
<subfield code="a">Collins, Barbara Maria,</subfield>
<subfield code="d">1947-</subfield>
<subfield code="e">interviewee.</subfield>
</datafield>
<datafield ind1="1" ind2=" " tag="700">
<subfield code="a">Connor, Peggy Jean,</subfield>
<subfield code="e">interviewee.</subfield>
</datafield>
<datafield ind1="1" ind2=" " tag="700">
<subfield code="a">Conway, Purcell Maurice,</subfield>
<subfield code="d">1948-</subfield>
<subfield code="e">interviewee.</subfield>
</datafield>
<datafield ind1="1" ind2=" " tag="700">
<subfield code="a">Cotton, Dorothy F.,</subfield>
<subfield code="d">1930-2018,</subfield>
<subfield code="e">interviewee.</subfield>
</datafield>
<datafield ind1="1" ind2=" " tag="700">
<subfield code="a">Cox, Courtland,</subfield>
<subfield code="d">1941-</subfield>
<subfield code="e">interviewee.</subfield>
</datafield>
<datafield ind1="1" ind2=" " tag="700">
<subfield code="a">Crosby, David L.,</subfield>
<subfield code="d">1941-</subfield>
<subfield code="e">interviewee.</subfield>
</datafield>
<datafield ind1="1" ind2=" " tag="700">
<subfield code="a">Crosby, Patricia A.,</subfield>
<subfield code="e">interviewee.</subfield>
</datafield>
<datafield ind1="1" ind2=" " tag="700">
<subfield code="a">Dahmer, Ellie J.,</subfield>
<subfield code="d">1925-</subfield>
<subfield code="e">interviewee.</subfield>
</datafield>
<datafield ind1="1" ind2=" " tag="700">
<subfield code="a">Dahmer, Vernon,</subfield>
<subfield code="c">Jr.,</subfield>
<subfield code="e">interviewee.</subfield>
</datafield>
<datafield ind1="1" ind2=" " tag="700">
<subfield code="a">Derby, Doris Adelaide,</subfield>
<subfield code="e">interviewee.</subfield>
</datafield>
<datafield ind1="1" ind2=" " tag="700">
<subfield code="a">Diamond, Dion T.,</subfield>
<subfield code="d">1941-</subfield>
<subfield code="e">interviewee.</subfield>
</datafield>
<datafield ind1="1" ind2=" " tag="700">
<subfield code="a">Dixon, Aaron,</subfield>
<subfield code="d">1949-</subfield>
<subfield code="e">interviewee.</subfield>
</datafield>
<datafield ind1="1" ind2=" " tag="700">
<subfield code="a">Dixon, Elmer,</subfield>
<subfield code="e">interviewee.</subfield>
</datafield>
<datafield ind1="1" ind2=" " tag="700">
<subfield code="a">Dove, Samuel,</subfield>
<subfield code="d">1942-</subfield>
<subfield code="e">interviewee.</subfield>
</datafield>
<datafield ind1="1" ind2=" " tag="700">
<subfield code="a">Dudley, John F.,</subfield>
<subfield code="d">1933-</subfield>
<subfield code="e">interviewee.</subfield>
</datafield>
<datafield ind1="1" ind2=" " tag="700">
<subfield code="a">Duncan, Gwendolyn Annette,</subfield>
<subfield code="e">interviewee.</subfield>
</datafield>
<datafield ind1="1" ind2=" " tag="700">
<subfield code="a">Finney, Ernest A.,</subfield>
<subfield code="c">Jr.</subfield>
<subfield code="q">(Ernest Adolphus),</subfield>
<subfield code="d">1931-2017,</subfield>
<subfield code="e">interviewee.</subfield>
</datafield>
<datafield ind1="1" ind2=" " tag="700">
<subfield code="a">Fuller, Linda,</subfield>
<subfield code="d">1941-</subfield>
<subfield code="e">interviewee.</subfield>
</datafield>
<datafield ind1="1" ind2=" " tag="700">
<subfield code="a">Funchess, Glenda,</subfield>
<subfield code="d">1954-</subfield>
<subfield code="e">interviewee.</subfield>
</datafield>
<datafield ind1="1" ind2=" " tag="700">
<subfield code="a">Gaither, Thomas Walter,</subfield>
<subfield code="d">1938-</subfield>
<subfield code="e">interviewee.</subfield>
</datafield>
<datafield ind1="1" ind2=" " tag="700">
<subfield code="a">Geiger, Jack,</subfield>
<subfield code="d">1925-</subfield>
<subfield code="e">interviewee.</subfield>
</datafield>
<datafield ind1="1" ind2=" " tag="700">
<subfield code="a">George, Virginia Simms,</subfield>
<subfield code="d">1940-</subfield>
<subfield code="e">interviewee.</subfield>
</datafield>
<datafield ind1="1" ind2=" " tag="700">
<subfield code="a">Glascoe, Myrtle Gonza,</subfield>
<subfield code="e">interviewee.</subfield>
</datafield>
<datafield ind1="1" ind2=" " tag="700">
<subfield code="a">Greenberg, Jack,</subfield>
<subfield code="d">1924-2016,</subfield>
<subfield code="e">interviewee.</subfield>
</datafield>
<datafield ind1="1" ind2=" " tag="700">
<subfield code="a">Greene, Freddie,</subfield>
<subfield code="d">1945-</subfield>
<subfield code="e">interviewee.</subfield>
</datafield>
<datafield ind1="1" ind2=" " tag="700">
<subfield code="a">Grinnell, Gloria Claudette,</subfield>
<subfield code="d">1939-</subfield>
<subfield code="e">interviewee.</subfield>
</datafield>
<datafield ind1="1" ind2=" " tag="700">
<subfield code="a">Guster, Leesco,</subfield>
<subfield code="e">interviewee.</subfield>
</datafield>
<datafield ind1="1" ind2=" " tag="700">
<subfield code="a">Guyot, Lawrence,</subfield>
<subfield code="d">1939-2012,</subfield>
<subfield code="e">interviewee.</subfield>
</datafield>
<datafield ind1="1" ind2=" " tag="700">
<subfield code="a">Hamilton, Audrey Nell,</subfield>
<subfield code="e">interviewee.</subfield>
</datafield>
<datafield ind1="1" ind2=" " tag="700">
<subfield code="a">Hayling, Robert Bagner,</subfield>
<subfield code="e">interviewee.</subfield>
</datafield>
<datafield ind1="1" ind2=" " tag="700">
<subfield code="a">Head, Rosie M.,</subfield>
<subfield code="e">interviewee.</subfield>
</datafield>
<datafield ind1="1" ind2=" " tag="700">
<subfield code="a">Henderson, Juadine,</subfield>
<subfield code="e">interviewee.</subfield>
</datafield>
<datafield ind1="1" ind2=" " tag="700">
<subfield code="a">Hicks, Charles Ray,</subfield>
<subfield code="d">1945-</subfield>
<subfield code="e">interviewee.</subfield>
</datafield>
<datafield ind1="1" ind2=" " tag="700">
<subfield code="a">Hicks, Darryl Robertson,</subfield>
<subfield code="e">interviewee.</subfield>
</datafield>
<datafield ind1="1" ind2=" " tag="700">
<subfield code="a">Hicks, Gregory Vincent,</subfield>
<subfield code="d">1950-</subfield>
<subfield code="e">interviewee.</subfield>
</datafield>
<datafield ind1="1" ind2=" " tag="700">
<subfield code="a">Hicks, Robert Lawrence,</subfield>
<subfield code="d">1948-</subfield>
<subfield code="e">interviewee.</subfield>
</datafield>
<datafield ind1="1" ind2=" " tag="700">
<subfield code="a">Hicks, Valeria Payton,</subfield>
<subfield code="e">interviewee.</subfield>
</datafield>
<datafield ind1="1" ind2=" " tag="700">
<subfield code="a">Hildreth, Marilyn Luper,</subfield>
<subfield code="d">1947-</subfield>
<subfield code="e">interviewee.</subfield>
</datafield>
<datafield ind1="1" ind2=" " tag="700">
<subfield code="a">Hill, Oliver W.,</subfield>
<subfield code="d">1949-</subfield>
<subfield code="e">interviewee.</subfield>
</datafield>
<datafield ind1="1" ind2=" " tag="700">
<subfield code="a">Holloway, Eddie A.,</subfield>
<subfield code="d">1952-</subfield>
<subfield code="e">interviewee.</subfield>
</datafield>
<datafield ind1="1" ind2=" " tag="700">
<subfield code="a">Holloway, Emma Kate,</subfield>
<subfield code="e">interviewee.</subfield>
</datafield>
<datafield ind1="1" ind2=" " tag="700">
<subfield code="a">Holloway, Lucius,</subfield>
<subfield code="d">1932-</subfield>
<subfield code="e">interviewee.</subfield>
</datafield>
<datafield ind1="1" ind2=" " tag="700">
<subfield code="a">Hopkins, Evans D.,</subfield>
<subfield code="d">1954-</subfield>
<subfield code="e">interviewee.</subfield>
</datafield>
<datafield ind1="1" ind2=" " tag="700">
<subfield code="a">Howard, Elbert,</subfield>
<subfield code="d">1938-2018,</subfield>
<subfield code="e">interviewee.</subfield>
</datafield>
<datafield ind1="1" ind2=" " tag="700">
<subfield code="a">Howell, Embry,</subfield>
<subfield code="e">interviewee.</subfield>
</datafield>
<datafield ind1="1" ind2=" " tag="700">
<subfield code="a">Howell, Joseph T.,</subfield>
<subfield code="e">interviewee.</subfield>
</datafield>
<datafield ind1="1" ind2=" " tag="700">
<subfield code="a">Hrabowski, Freeman A.,</subfield>
<subfield code="e">interviewee.</subfield>
</datafield>
<datafield ind1="1" ind2=" " tag="700">
<subfield code="a">Huggins, Ericka,</subfield>
<subfield code="e">interviewee.</subfield>
</datafield>
<datafield ind1="1" ind2=" " tag="700">
<subfield code="a">Hutchings, Phil,</subfield>
<subfield code="d">1942-</subfield>
<subfield code="e">interviewee.</subfield>
</datafield>
<datafield ind1="1" ind2=" " tag="700">
<subfield code="a">Jackson, Gertrude Newsome,</subfield>
<subfield code="d">1923-</subfield>
<subfield code="e">interviewee.</subfield>
</datafield>
<datafield ind1="1" ind2=" " tag="700">
<subfield code="a">Jarmon, Charles,</subfield>
<subfield code="e">interviewee.</subfield>
</datafield>
<datafield ind1="1" ind2=" " tag="700">
<subfield code="a">Jenkins, Mary F.,</subfield>
<subfield code="d">1928-2014,</subfield>
<subfield code="e">interviewee.</subfield>
</datafield>
<datafield ind1="1" ind2=" " tag="700">
<subfield code="a">Jenkins, Timothy Lionel,</subfield>
<subfield code="d">1938-</subfield>
<subfield code="e">interviewee.</subfield>
</datafield>
<datafield ind1="1" ind2=" " tag="700">
<subfield code="a">Jenkins, Willie Elliot,</subfield>
<subfield code="d">1952-</subfield>
<subfield code="e">interviewee.</subfield>
</datafield>
<datafield ind1="1" ind2=" " tag="700">
<subfield code="a">Jones, Clarence B.,</subfield>
<subfield code="d">1931-</subfield>
<subfield code="e">interviewee.</subfield>
</datafield>
<datafield ind1="1" ind2=" " tag="700">
<subfield code="a">Jones, James Oscar,</subfield>
<subfield code="d">1943-</subfield>
<subfield code="e">interviewee.</subfield>
</datafield>
<datafield ind1="1" ind2=" " tag="700">
<subfield code="a">Jones, Jamila,</subfield>
<subfield code="d">1944-</subfield>
<subfield code="e">interviewee.</subfield>
</datafield>
<datafield ind1="1" ind2=" " tag="700">
<subfield code="a">Jones, Mary A.,</subfield>
<subfield code="d">1933-</subfield>
<subfield code="e">interviewee.</subfield>
</datafield>
<datafield ind1="1" ind2=" " tag="700">
<subfield code="a">Jones, Nathaniel Hawthorne,</subfield>
<subfield code="d">1914-2018,</subfield>
<subfield code="e">interviewee.</subfield>
</datafield>
<datafield ind1="1" ind2=" " tag="700">
<subfield code="a">King, Lonnie C.,</subfield>
<subfield code="d">1936-</subfield>
<subfield code="e">interviewee.</subfield>
</datafield>
<datafield ind1="1" ind2=" " tag="700">
<subfield code="a">Ladner, Dorie,</subfield>
<subfield code="e">interviewee.</subfield>
</datafield>
<datafield ind1="1" ind2=" " tag="700">
<subfield code="a">Ladner, Joyce A.,</subfield>
<subfield code="e">interviewee.</subfield>
</datafield>
<datafield ind1="1" ind2=" " tag="700">
<subfield code="a">Lawrence, William M.,</subfield>
<subfield code="d">1922-2014,</subfield>
<subfield code="e">interviewee.</subfield>
</datafield>
<datafield ind1="1" ind2=" " tag="700">
<subfield code="a">Lawson, Jennifer,</subfield>
<subfield code="d">1946-</subfield>
<subfield code="e">interviewee.</subfield>
</datafield>
<datafield ind1="1" ind2=" " tag="700">
<subfield code="a">Leventhal, Willy S.</subfield>
<subfield code="q">(Willy Siegel),</subfield>
<subfield code="d">1946-2016,</subfield>
<subfield code="e">interviewee.</subfield>
</datafield>
<datafield ind1="1" ind2=" " tag="700">
<subfield code="a">Long, Worth W.,</subfield>
<subfield code="e">interviewee.</subfield>
</datafield>
<datafield ind1="1" ind2=" " tag="700">
<subfield code="a">Lowery, Joseph E.,</subfield>
<subfield code="e">interviewee.</subfield>
</datafield>
<datafield ind1="1" ind2=" " tag="700">
<subfield code="a">Lucy, William,</subfield>
<subfield code="d">1933-</subfield>
<subfield code="e">interviewee.</subfield>
</datafield>
<datafield ind1="1" ind2=" " tag="700">
<subfield code="a">Luper, Calvin,</subfield>
<subfield code="d">1946-</subfield>
<subfield code="e">interviewee.</subfield>
</datafield>
<datafield ind1="1" ind2=" " tag="700">
<subfield code="a">Magee, Clarence,</subfield>
<subfield code="e">interviewee.</subfield>
</datafield>
<datafield ind1="1" ind2=" " tag="700">
<subfield code="a">Mahone, Sam,</subfield>
<subfield code="d">1945-</subfield>
<subfield code="e">interviewee.</subfield>
</datafield>
<datafield ind1="1" ind2=" " tag="700">
<subfield code="a">Marshall, Cecilia,</subfield>
<subfield code="d">1928-</subfield>
<subfield code="e">interviewee.</subfield>
</datafield>
<datafield ind1="1" ind2=" " tag="700">
<subfield code="a">McCarty, Michael D.,</subfield>
<subfield code="d">1950-</subfield>
<subfield code="e">interviewee.</subfield>
</datafield>
<datafield ind1="1" ind2=" " tag="700">
<subfield code="a">McClary, Robert,</subfield>
<subfield code="d">1938-2017,</subfield>
<subfield code="e">interviewee.</subfield>
</datafield>
<datafield ind1="1" ind2=" " tag="700">
<subfield code="a">McCullar, Johnnie Ruth,</subfield>
<subfield code="d">1940-</subfield>
<subfield code="e">interviewee.</subfield>
</datafield>
<datafield ind1="1" ind2=" " tag="700">
<subfield code="a">McDew, Charles,</subfield>
<subfield code="e">interviewee.</subfield>
</datafield>
<datafield ind1="1" ind2=" " tag="700">
<subfield code="a">McKinney, Samuel Berry,</subfield>
<subfield code="d">1926-</subfield>
<subfield code="e">interviewee.</subfield>
</datafield>
<datafield ind1="1" ind2=" " tag="700">
<subfield code="a">McLaurin, Charles,</subfield>
<subfield code="e">interviewee.</subfield>
</datafield>
<datafield ind1="1" ind2=" " tag="700">
<subfield code="a">McNichols, Steven,</subfield>
<subfield code="e">interviewee.</subfield>
</datafield>
<datafield ind1="1" ind2=" " tag="700">
<subfield code="a">Miller, Carolyn,</subfield>
<subfield code="d">1953-</subfield>
<subfield code="e">interviewee.</subfield>
</datafield>
<datafield ind1="1" ind2=" " tag="700">
<subfield code="a">Miller, Grace H.,</subfield>
<subfield code="d">1932-</subfield>
<subfield code="e">interviewee.</subfield>
</datafield>
<datafield ind1="1" ind2=" " tag="700">
<subfield code="a">Miller, James E.,</subfield>
<subfield code="d">1949-</subfield>
<subfield code="e">interviewee.</subfield>
</datafield>
<datafield ind1="1" ind2=" " tag="700">
<subfield code="a">Moldovan, Alfred,</subfield>
<subfield code="d">1921-2013,</subfield>
<subfield code="e">interviewee.</subfield>
</datafield>
<datafield ind1="1" ind2=" " tag="700">
<subfield code="a">Montes, Carlos,</subfield>
<subfield code="d">1947-</subfield>
<subfield code="e">interviewee.</subfield>
</datafield>
<datafield ind1="1" ind2=" " tag="700">
<subfield code="a">Moore, E. Maynard,</subfield>
<subfield code="d">1938-</subfield>
<subfield code="e">interviewee.</subfield>
</datafield>
<datafield ind1="1" ind2=" " tag="700">
<subfield code="a">Mtume, Norma,</subfield>
<subfield code="e">interviewee.</subfield>
</datafield>
<datafield ind1="1" ind2=" " tag="700">
<subfield code="a">Mulholland, Joan Trumpauer,</subfield>
<subfield code="d">1941-</subfield>
<subfield code="e">interviewee.</subfield>
</datafield>
<datafield ind1="1" ind2=" " tag="700">
<subfield code="a">Newson, Moses J.,</subfield>
<subfield code="d">1927-</subfield>
<subfield code="e">interviewee.</subfield>
</datafield>
<datafield ind1="1" ind2=" " tag="700">
<subfield code="a">Noonan, Martha P.,</subfield>
<subfield code="e">interviewee.</subfield>
</datafield>
<datafield ind1="1" ind2=" " tag="700">
<subfield code="a">Parker, Wheeler,</subfield>
<subfield code="d">1939-</subfield>
<subfield code="e">interviewee.</subfield>
</datafield>
<datafield ind1="1" ind2=" " tag="700">
<subfield code="a">Patton, Gwendolyn M.,</subfield>
<subfield code="d">1943-</subfield>
<subfield code="e">interviewee.</subfield>
</datafield>
<datafield ind1="1" ind2=" " tag="700">
<subfield code="a">Perry, Matthew J.</subfield>
<subfield code="q">(Matthew James),</subfield>
<subfield code="d">1921-2011,</subfield>
<subfield code="e">interviewee.</subfield>
</datafield>
<datafield ind1="1" ind2=" " tag="700">
<subfield code="a">Richardson, Gloria,</subfield>
<subfield code="d">1922-</subfield>
<subfield code="e">interviewee.</subfield>
</datafield>
<datafield ind1="1" ind2=" " tag="700">
<subfield code="a">Richardson, Judy,</subfield>
<subfield code="d">1944-</subfield>
<subfield code="e">interviewee.</subfield>
</datafield>
<datafield ind1="1" ind2=" " tag="700">
<subfield code="a">Robinson, Betty Garman,</subfield>
<subfield code="e">interviewee.</subfield>
</datafield>
<datafield ind1="1" ind2=" " tag="700">
<subfield code="a">Robinson, Reginald,</subfield>
<subfield code="d">1939-</subfield>
<subfield code="e">interviewee.</subfield>
</datafield>
<datafield ind1="1" ind2=" " tag="700">
<subfield code="a">Rosenberg, Jean Voelker,</subfield>
<subfield code="e">interviewee.</subfield>
</datafield>
<datafield ind1="1" ind2=" " tag="700">
<subfield code="a">Rosenberg, John M.,</subfield>
<subfield code="d">1931-</subfield>
<subfield code="e">interviewee.</subfield>
</datafield>
<datafield ind1="1" ind2=" " tag="700">
<subfield code="a">Roxborough, Mildred Bond,</subfield>
<subfield code="d">1926-</subfield>
<subfield code="e">interviewee.</subfield>
</datafield>
<datafield ind1="1" ind2=" " tag="700">
<subfield code="a">Russell, Bill,</subfield>
<subfield code="d">1934-</subfield>
<subfield code="e">interviewee.</subfield>
</datafield>
<datafield ind1="1" ind2=" " tag="700">
<subfield code="a">Sales, Ruby,</subfield>
<subfield code="e">interviewee.</subfield>
</datafield>
<datafield ind1="1" ind2=" " tag="700">
<subfield code="a">Saunders, William,</subfield>
<subfield code="d">1935-</subfield>
<subfield code="e">interviewee.</subfield>
</datafield>
<datafield ind1="1" ind2=" " tag="700">
<subfield code="a">Seeger, Pete,</subfield>
<subfield code="d">1919-2014,</subfield>
<subfield code="e">interviewee.</subfield>
</datafield>
<datafield ind1="1" ind2=" " tag="700">
<subfield code="a">Sellers, Cleveland,</subfield>
<subfield code="d">1944-</subfield>
<subfield code="e">interviewee.</subfield>
</datafield>
<datafield ind1="1" ind2=" " tag="700">
<subfield code="a">Sherrod, Charles,</subfield>
<subfield code="d">1937-</subfield>
<subfield code="e">interviewee.</subfield>
</datafield>
<datafield ind1="1" ind2=" " tag="700">
<subfield code="a">Sherrod, Shirley,</subfield>
<subfield code="d">1948-</subfield>
<subfield code="e">interviewee.</subfield>
</datafield>
<datafield ind1="1" ind2=" " tag="700">
<subfield code="a">Siler, Charles E.,</subfield>
<subfield code="e">interviewee.</subfield>
</datafield>
<datafield ind1="1" ind2=" " tag="700">
<subfield code="a">Simmons, Gwendolyn Zoharah,</subfield>
<subfield code="e">interviewee.</subfield>
</datafield>
<datafield ind1="1" ind2=" " tag="700">
<subfield code="a">Simpson, Euvester,</subfield>
<subfield code="d">1945-</subfield>
<subfield code="e">interviewee.</subfield>
</datafield>
<datafield ind1="1" ind2=" " tag="700">
<subfield code="a">Smith, Jeanette,</subfield>
<subfield code="d">1940-2018,</subfield>
<subfield code="e">interviewee.</subfield>
</datafield>
<datafield ind1="1" ind2=" " tag="700">
<subfield code="a">Sobol, Anne Buxton,</subfield>
<subfield code="e">interviewee.</subfield>
</datafield>
<datafield ind1="1" ind2=" " tag="700">
<subfield code="a">Sobol, Richard B.,</subfield>
<subfield code="e">interviewee.</subfield>
</datafield>
<datafield ind1="1" ind2=" " tag="700">
<subfield code="a">Stewart, Eleanor,</subfield>
<subfield code="d">1938-</subfield>
<subfield code="e">interviewee.</subfield>
</datafield>
<datafield ind1="1" ind2=" " tag="700">
<subfield code="a">Strickland, William,</subfield>
<subfield code="d">1937-</subfield>
<subfield code="e">interviewee.</subfield>
</datafield>
<datafield ind1="1" ind2=" " tag="700">
<subfield code="a">Suggs, Frances L.,</subfield>
<subfield code="d">1935-</subfield>
<subfield code="e">interviewee.</subfield>
</datafield>
<datafield ind1="1" ind2=" " tag="700">
<subfield code="a">Suggs, Harold,</subfield>
<subfield code="d">1935-</subfield>
<subfield code="e">interviewee.</subfield>
</datafield>
<datafield ind1="1" ind2=" " tag="700">
<subfield code="a">Terry, Esther M. A.,</subfield>
<subfield code="d">1939-</subfield>
<subfield code="e">interviewee.</subfield>
</datafield>
<datafield ind1="1" ind2=" " tag="700">
<subfield code="a">Thelwell, Michael,</subfield>
<subfield code="e">interviewee.</subfield>
</datafield>
<datafield ind1="1" ind2=" " tag="700">
<subfield code="a">Tillow, Kay,</subfield>
<subfield code="e">interviewee.</subfield>
</datafield>
<datafield ind1="1" ind2=" " tag="700">
<subfield code="a">Tillow, Walter M.,</subfield>
<subfield code="d">1940-</subfield>
<subfield code="e">interviewee.</subfield>
</datafield>
<datafield ind1="1" ind2=" " tag="700">
<subfield code="a">Todd, Lisa Anderson,</subfield>
<subfield code="d">1942-</subfield>
<subfield code="e">interviewee.</subfield>
</datafield>
<datafield ind1="1" ind2=" " tag="700">
<subfield code="a">Tuttle, Rick,</subfield>
<subfield code="e">interviewee.</subfield>
</datafield>
<datafield ind1="1" ind2=" " tag="700">
<subfield code="a">Ulmer, JoeAnn Anderson,</subfield>
<subfield code="e">interviewee.</subfield>
</datafield>
<datafield ind1="1" ind2=" " tag="700">
<subfield code="a">Varela, Maria,</subfield>
<subfield code="d">1940-</subfield>
<subfield code="e">interviewee.</subfield>
</datafield>
<datafield ind1="1" ind2=" " tag="700">
<subfield code="a">Vickers, Barbara Edna,</subfield>
<subfield code="d">1923-</subfield>
<subfield code="e">interviewee.</subfield>
</datafield>
<datafield ind1="1" ind2=" " tag="700">
<subfield code="a">Vivian, C. T.,</subfield>
<subfield code="e">interviewee.</subfield>
</datafield>
<datafield ind1="1" ind2=" " tag="700">
<subfield code="a">Walker, Theresa Ann,</subfield>
<subfield code="e">interviewee.</subfield>
</datafield>
<datafield ind1="1" ind2=" " tag="700">
<subfield code="a">Walker, Wyatt Tee,</subfield>
<subfield code="e">interviewee.</subfield>
</datafield>
<datafield ind1="1" ind2=" " tag="700">
<subfield code="a">Walter, Mildred Pitts,</subfield>
<subfield code="e">interviewee.</subfield>
</datafield>
<datafield ind1="1" ind2=" " tag="700">
<subfield code="a">Williams, Cecil J.,</subfield>
<subfield code="d">1937-</subfield>
<subfield code="e">interviewee.</subfield>
</datafield>
<datafield ind1="1" ind2=" " tag="700">
<subfield code="a">Williams, Junius W.,</subfield>
<subfield code="d">1943-</subfield>
<subfield code="e">interviewee.</subfield>
</datafield>
<datafield ind1="1" ind2=" " tag="700">
<subfield code="a">Wright, Simeon,</subfield>
<subfield code="d">1942-2017,</subfield>
<subfield code="e">interviewee.</subfield>
</datafield>
<datafield ind1="1" ind2=" " tag="700">
<subfield code="a">Young, Carrie Lamar,</subfield>
<subfield code="d">1948-</subfield>
<subfield code="e">interviewee.</subfield>
</datafield>
<datafield ind1="1" ind2=" " tag="700">
<subfield code="a">Young, Sam,</subfield>
<subfield code="d">1950-</subfield>
<subfield code="e">interviewee.</subfield>
</datafield>
<datafield ind1="1" ind2=" " tag="700">
<subfield code="a">Zapata, Luis,</subfield>
<subfield code="d">1944-2015,</subfield>
<subfield code="e">interviewee.</subfield>
</datafield>
<datafield ind1="1" ind2=" " tag="700">
<subfield code="a">Zellner, Dorothy,</subfield>
<subfield code="e">interviewee.</subfield>
</datafield>
<datafield ind1="1" ind2=" " tag="700">
<subfield code="a">Bishop, John Melville,</subfield>
<subfield code="e">cinematographer.</subfield>
</datafield>
<datafield ind1="1" ind2=" " tag="700">
<subfield code="a">Bond, Julian,</subfield>
<subfield code="d">1940-2015,</subfield>
<subfield code="e">interviewer.</subfield>
</datafield>
<datafield ind1="1" ind2=" " tag="700">
<subfield code="a">Branch, Taylor,</subfield>
<subfield code="e">interviewer.</subfield>
</datafield>
<datafield ind1="1" ind2=" " tag="700">
<subfield code="a">Cline, David P.,</subfield>
<subfield code="d">1969-</subfield>
<subfield code="e">interviewer.</subfield>
</datafield>
<datafield ind1="1" ind2=" " tag="700">
<subfield code="a">Crosby, Emilye,</subfield>
<subfield code="e">interviewer.</subfield>
</datafield>
<datafield ind1="1" ind2=" " tag="700">
<subfield code="a">Dittmer, John,</subfield>
<subfield code="d">1939-</subfield>
<subfield code="e">interviewer.</subfield>
</datafield>
<datafield ind1="1" ind2=" " tag="700">
<subfield code="a">Griffin, Willie James,</subfield>
<subfield code="d">1974-</subfield>
<subfield code="e">interviewer.</subfield>
</datafield>
<datafield ind1="1" ind2=" " tag="700">
<subfield code="a">Jeffries, Hasan Kwame,</subfield>
<subfield code="d">1973-</subfield>
<subfield code="e">interviewer.</subfield>
</datafield>
<datafield ind1="1" ind2=" " tag="700">
<subfield code="a">Mosnier, Joseph,</subfield>
<subfield code="e">interviewer.</subfield>
</datafield>
<datafield ind1="1" ind2=" " tag="700">
<subfield code="a">Paysour, LaFleur,</subfield>
<subfield code="e">interviewer.</subfield>
</datafield>
<datafield ind1="1" ind2=" " tag="700">
<subfield code="a">Reece, Dwandalyn R.,</subfield>
<subfield code="e">interviewer.</subfield>
</datafield>
<datafield ind1="1" ind2=" " tag="700">
<subfield code="a">Sullivan, Patricia,</subfield>
<subfield code="d">1950-</subfield>
<subfield code="e">interviewer.</subfield>
</datafield>
<datafield ind1="1" ind2=" " tag="700">
<subfield code="a">Taylor, Kieran Walsh,</subfield>
<subfield code="e">interviewer.</subfield>
</datafield>
<datafield ind1="2" ind2=" " tag="710">
<subfield code="a">Civil Rights History Project (U.S.),</subfield>
<subfield code="e">collector.</subfield>
</datafield>
<datafield ind1="2" ind2=" " tag="710">
<subfield code="a">
National Museum of African American History and Culture (U.S.),
</subfield>
<subfield code="e">sponsor.</subfield>
</datafield>
<datafield ind1="2" ind2=" " tag="710">
<subfield code="a">Library of Congress,</subfield>
<subfield code="e">sponsor.</subfield>
</datafield>
<datafield ind1="2" ind2=" " tag="710">
<subfield code="a">American Folklife Center,</subfield>
<subfield code="e">sponsor.</subfield>
</datafield>
<datafield ind1="2" ind2=" " tag="710">
<subfield code="a">Archive of Folk Culture (Library of Congress),</subfield>
<subfield code="e">collector.</subfield>
</datafield>
<datafield ind1="2" ind2=" " tag="710">
<subfield code="a">Southern Oral History Program.</subfield>
</datafield>
<datafield ind1=" " ind2=" " tag="852">
<subfield code="a">Library of Congress</subfield>
<subfield code="b">Archive of Folk Culture, American Folklife Center,</subfield>
<subfield code="e">
101 Independence Ave. S.E., Washington, DC USA 20540-4610
</subfield>
<subfield code="u">http://hdl.loc.gov/loc.afc/folklife.home</subfield>
</datafield>
<datafield ind1="4" ind2="1" tag="856">
<subfield code="3">Online presentation</subfield>
<subfield code="u">https://hdl.loc.gov/loc.afc/collafc.afc2010039</subfield>
</datafield>
<datafield ind1="4" ind2="2" tag="856">
<subfield code="3">Related survey and information</subfield>
<subfield code="u">https://www.loc.gov/folklife/civilrights/</subfield>
</datafield>
<datafield ind1="4" ind2="2" tag="856">
<subfield code="3">Finding aid</subfield>
<subfield code="u">https://hdl.loc.gov/loc.afc/eadafc.af013005</subfield>
</datafield>
<datafield ind1=" " ind2=" " tag="985">
<subfield code="a">afc/ead</subfield>
</datafield>
<datafield ind1=" " ind2=" " tag="985">
<subfield code="a">afc/coll</subfield>
</datafield>
</record>
</collection>